@MISC{CITE:1,
    HOWPUBLISHED = "\url{https://ocw.unican.es/mod/page/view.php?id=510}",
    AUTHOR = "OpenCourseWare",
    TITLE = "Tema 6. Circulación arterial. Presión arterial",
    MONTH = "06",
    YEAR = "2017",
    URLDATE = {2023-05-09}
}

@INBOOK{CITE:2,
    AUTHOR={Antonio López Farré y Carlos Macaya Miguel},
    TITLE="Libro de la salud cardiovascular del hospital clínico San Carlos y la fundación BBVA",
    PUBLISHER="Editorial Nerea, S.A.",
    YEAR="2009",
    PAGES="121-129",
}

@INBOOK{CITE:3,
    AUTHOR={John E. Hall},
    TITLE= "Guyton y Hall: Tratado De Fisiologia Medica",
    PUBLISHER="ELSEVIER ESPAÑA, S.A.",
    YEAR="2011",
    PAGES="157-165",
}

@BOOK{CITE:4,
    AUTHOR="Richard E. Klabunde",
    TITLE="Normal and Abnormal Blood Pressure (Physiology, Pathophysiology and Treatment)",
    PUBLISHER="Kindle Edition",
    YEAR="2013",
}

@ARTICLE{CITE:5,
    AUTHOR={Geoffrey A. Head et al},
    TITLE="Ambulatory blood pressure monitoring",
    JOURNAL="Australian family physician",
    YEAR="2011",
}

@INCOLLECTION{CITE:6,
  AUTHOR      = "Gustavo Blanco",
  TITLE       = "MEDICIÓN DE LA PRESIÓN ARTERIAL",
  EDITOR      = "SAHA",
  BOOKTITLE   = "Hipertension Arterial, Epidemiología, Fisiología, Fisiopatología, Diagnóstico y Tratamiento.",
  ADDRESS     = "Buenos Aires",
  YEAR        = "2013",
  PAGES       = "341-344",
  CHAPTER     = "70",
}

@INCOLLECTION{CITE:7,
  AUTHOR      = "Paula Edit Cuffaro, Margarita Susana Morales, Gabriel Darío Waisman",
  TITLE       = "MONITOREO AMBULATORIO DE PRESIÓN ARTERIAL",
  EDITOR      = "SAHA",
  BOOKTITLE   = "Hipertension Arterial, Epidemiología, Fisiología, Fisiopatología, Diagnóstico y Tratamiento.",
  ADDRESS     = "Buenos Aires",
  YEAR        = "2013",
  PAGES       = "391-395",
  CHAPTER     = "82",
}

@ARTICLE{CITE:8,
    AUTHOR={{Yihong Zhao, Eric P. Wood et al}},
    TITLE={Social determinants in machine learning cardiovascular disease prediction models: A systematic review},
    JOURNAL="American Journal of Preventive Medicine",
    YEAR="2021",
	VOLUME = {61},
	NUMBER = {4},
	PAGES = {596-605},
	DOI = {10.1016/j.amepre.2021.04.016}
}

@MISC{CITE:9,
    HOWPUBLISHED = "\url{hospitalaleman.org.ar}",
    AUTHOR = {{Hospital Alemán Asociación Civil}},
    TITLE = "Institucional. Acerca del HA",
    MONTH = "06",
    YEAR = "2017",
    URLDATE = {2022-11-01}
}

@ARTICLE{CITE:10,
    AUTHOR={{Kevin E. Kip, Kimberly Hollabaugh et al}},
    TITLE={The problem with composite end points in cardiovascular studies: the story of major adverse cardiac events and percutaneous coronary intervention},
    JOURNAL="Journal of the American College of Cardiology",
    YEAR="2008",
	VOLUME = {51},
	NUMBER = {7},
	PAGES = {701-707},
	DOI = {10.1016/j.jacc.2007.10.034}
}